
@article{wollmannInfrasorbOpticalDetection2012,
  title = {Infrasorb: {{Optical}} Detection of the Heat of Adsorption for High Throughput Adsorption Screening of Porous Solids},
  volume = {149},
  issn = {13871811},
  shorttitle = {Infrasorb},
  doi = {10.1016/j.micromeso.2011.08.028},
  language = {en},
  number = {1},
  journal = {Microporous and Mesoporous Materials},
  author = {Wollmann, Philipp and Leistner, Matthias and Gr\"ahlert, Wulf and Throl, Oliver and Dreisbach, Frieder and Kaskel, Stefan},
  month = feb,
  year = {2012},
  pages = {86-94}
}


